@misc{url2015madmaps,
  title = {{MADMAPs} Website},
  howpublished = {\url{http://www.madmaps.net/}},
  note = {Accessed: 01/10/2015}
}
@misc{url2015myscenicdrives,
  title = {{My Scenic Drives} Website},
  howpublished = {\url{https://www.myscenicdrives.com/}},
  note = {Accessed: 01/10/2015}
}
@misc{url2015gmaps,
  title = {{Google Maps, My Maps} Website},
  howpublished = {\url{https://www.google.com/maps/d}},
  note = {Accessed: 01/10/2015}
}

@inproceedings{lou2009map,
  title={Map-matching for low-sampling-rate GPS trajectories},
  author={Lou, Yin and Zhang, Chengyang and Zheng, Yu and Xie, Xing and Wang, Wei and Huang, Yan},
  booktitle={Proceedings of the 17th ACM SIGSPATIAL International Conference on Advances in Geographic Information Systems},
  pages={352--361},
  year={2009},
  organization={ACM}
}
@inproceedings{peregrino2012mapping,
  title={Mapping routes of sentiments},
  author={Peregrino, Fernando S and Tom{\'a}s, David and Clough, Paul and Llopis, Fernando}
}
@inproceedings{quercia2014shortest,
  title={The shortest path to happiness: Recommending beautiful, quiet, and happy routes in the city},
  author={Quercia, Daniele and Schifanella, Rossano and Aiello, Luca Maria},
  booktitle={Proceedings of the 25th ACM conference on Hypertext and social media},
  pages={116--125},
  year={2014},
  organization={ACM}
}
@incollection{ludwig2009recommendation,
  title={Recommendation of personalized routes with public transport connections},
  author={Ludwig, Bernd and Zenker, Bj{\o}rn and Schrader, Jan},
  booktitle={Intelligent Interactive Assistance and Mobile Multimedia Computing},
  pages={97--107},
  year={2009},
  publisher={Springer}
}
@inproceedings{van2011time,
  title={Time-dependent recommendation of tourist attractions using Flickr},
  author={Van Canneyt, Steven and Schockaert, Steven and Van Laere, Olivier and Dhoedt, Bart}
}

@inproceedings{chen2011discovering,
  title={Discovering popular routes from trajectories},
  author={Chen, Zaiben and Shen, Heng Tao and Zhou, Xiaofang},
  booktitle={Data Engineering (ICDE), 2011 IEEE 27th International Conference on},
  pages={900--911},
  year={2011},
  organization={IEEE}
}
