@book{comer2008computer,
  title={Computer networks and internets},
  author={Comer, Douglas E},
  year={2008},
  publisher={Prentice Hall Press}
}
@article{tanenbaum1988computer,
  title={Computer networks},
  author={Tanenbaum, Andrew S},
  journal={Prentice H all PTR (ECS Professional)},
  volume={1},
  number={99},
  pages={6},
  year={1988}
}
@unpublished{classless,
title={\url{http://www.inetdaemon.com/tutorials/internet/ip/addresses/classless.shtml}},
}
@unpublished{ori,
title={\url{http://www.inetdaemon.com/tutorials/basic_concepts/communication/connection-oriented_vs_connectionless.shtml}},
}

@unpublished{sslref,
title={\url{http://tools.ietf.org/html/rfc5246}},
}

@unpublished{midsex,
title={\url{http://www.eis.mdx.ac.uk/staffpages/yuanluo/teaching/ccm3032/Seminar-solution-6.pdf}},
}


@unpublished{pear,
title={\url{http://www.pearsonschoolsandfecolleges.co.uk/Secondary/Mathematics/16plus/AdvancingMathsForAQA2ndEdition/Samples/SampleMaterial/Chp-02%20023-043.pdf}},
}

@unpublished{image1,
title={\url{http://topperchoice.com/wp-content/uploads/2013/03/Introduction-To-Amplitude-Modulation-.jpg}},
}

@unpublished{image2,
title={\url{http://ironbark.xtelco.com.au/subjects/DC/lectures/7/fig_2010_07_04.jpg}},
}

@unpublished{mvr2013slides1,
	note={},
	title={Local asynchronous communication and RS-232},
	author={Milena Radenkovic},
	year={2013},
	publisher={PowerPoint Presentation}
}
@unpublished{mvr2013slides2,
	note={},
	title={Long distance communication (carriers and modems)},
	author={Milena Radenkovic},
	year={2013},
	publisher={PowerPoint Presentation}
}
@unpublished{mvr2013slides3,
	note={},
	title={ Packets, frames and error detection},
	author={Milena Radenkovic},
	year={2013},
	publisher={PowerPoint Presentation}
}
@unpublished{mvr2013slides4,
	title={ Local Area Networks },
	author={Milena Radenkovic},
	year={2013},
	publisher={PowerPoint Presentation}
}
@unpublished{mvr2013slides5,
	title={ Hardware addressing and frame types },
	author={Milena Radenkovic},
	year={2013},
	publisher={PowerPoint Presentation}
}
@unpublished{mvr2013slides6,
	title={ Extending LANs },
	author={Milena Radenkovic},
	year={2013},
	publisher={PowerPoint Presentation}
}
@unpublished{mvr2013slides7,
	title={ WAN technologies and routing },
	author={Milena Radenkovic},
	year={2013},
	publisher={PowerPoint Presentation}
}
@unpublished{mvr2013slides8,
	title={ Protocols and layering },
	author={Milena Radenkovic},
	year={2013},
	publisher={PowerPoint Presentation}
}
@unpublished{mvr2013slides9,
	title={ Internetworking Concepts and IP Addressing },
	author={Milena Radenkovic},
	year={2013},
	publisher={PowerPoint Presentation}
}
@unpublished{mvr2013slides10,
	title={ IP datagrams, Future IP },
	author={Milena Radenkovic},
	year={2013},
	publisher={PowerPoint Presentation}
}
@unpublished{mvr2013slides11,
	title={ Transport Control Protocol (TCP) },
	author={Milena Radenkovic},
	year={2013},
	publisher={PowerPoint Presentation}
}
@unpublished{mvr2013slides12,
	title={ Client-Server Interaction, The Socket API },
	author={Milena Radenkovic},
	year={2013},
	publisher={PowerPoint Presentation}
}
@unpublished{mvr2013slides13,
	title={ Network Security },
	author={Milena Radenkovic},
	year={2013},
	publisher={PowerPoint Presentation}
}
@unpublished{mvr2013slides14,
	title={ Example Applications },
	author={Milena Radenkovic},
	year={2013},
	publisher={PowerPoint Presentation}
}