@misc{urlmadmaps,
	author = { MAD Maps Inc.},
	title = {madmaps.net},
	year = {2015},
	url = {http://www.madmaps.net/}
}
@MISC{url_gmaps,
	author = {},
	title = {},
	year = {},
	url = {}
}
@MISC{url_msd,
	author = {},
	title = {},
	year = {},
	url = {}
}